<?xml version="1.0" encoding="UTF-8"?><collection xmlns="http://www.loc.gov/MARC21/slim"><record><leader>00518nam--2200181-i-4500</leader><controlfield tag="001">000030948</controlfield><controlfield tag="002">20161230</controlfield><controlfield tag="005">20161230201038</controlfield><controlfield tag="008">060222s1000------------r-----000-0-eng-d</controlfield><datafield ind1=" " ind2=" " tag="040"><subfield code="a">IFIN-HH</subfield></datafield><datafield ind1=" " ind2=" " tag="080"><subfield code="a">8001:803.0</subfield></datafield><datafield ind1="1" ind2=" " tag="100"><subfield code="a">Livescu, Jean</subfield></datafield><datafield ind1="1" ind2="0" tag="245"><subfield code="a">Limba germana</subfield><subfield code="b">Vol.i vocabular</subfield><subfield code="c">Jean livescu, emilia savin, sanda ioanovici, johanna andrei</subfield></datafield><datafield ind1=" " ind2=" " tag="260"><subfield code="a">Bucursti</subfield><subfield code="b">Editura Didactica Si Pedagogica</subfield><subfield code="c">1966</subfield></datafield><datafield ind1=" " ind2=" " tag="300"><subfield code="a">169P</subfield></datafield><datafield ind1="1" ind2=" " tag="700"><subfield code="a">Andrei, Johanna</subfield></datafield><datafield ind1=" " ind2=" " tag="852"><subfield code="a">40707</subfield><subfield code="c">4</subfield></datafield><datafield ind1=" " ind2=" " tag="CAT"><subfield code="a">Sys</subfield><subfield code="c">20130205</subfield><subfield code="h">113907</subfield></datafield></record></collection>